<?xml version="1.0" encoding="UTF-8"?><collection xmlns="http://www.loc.gov/MARC21/slim"><record><leader>00508nam--2200193-i-4500</leader><controlfield tag="001">000021005</controlfield><controlfield tag="002">20161230</controlfield><controlfield tag="005">20170128141355</controlfield><controlfield tag="008">060222s1000------------r-----000-0-eng-d</controlfield><datafield ind1=" " ind2=" " tag="020"><subfield code="a">3-540-57</subfield></datafield><datafield ind1=" " ind2=" " tag="080"><subfield code="a">51:531.01</subfield></datafield><datafield ind1=" " ind2=" " tag="100"><subfield code="a">Kuksin, Sergej B</subfield></datafield><datafield ind1=" " ind2=" " tag="245"><subfield code="a">Nearly integrable infinite-dimensional hamiltonian systems</subfield></datafield><datafield ind1=" " ind2=" " tag="260"><subfield code="a">Berlin</subfield><subfield code="b">Springer Verlag</subfield><subfield code="c">1993</subfield></datafield><datafield ind1=" " ind2=" " tag="300"><subfield code="a">101 p</subfield></datafield><datafield ind1=" " ind2=" " tag="490"><subfield code="a">Lecture Notes In Mathematics</subfield></datafield><datafield ind1=" " ind2=" " tag="700"><subfield code="a">Eckmann, B</subfield></datafield><datafield ind1=" " ind2=" " tag="852"><subfield code="a">80307</subfield></datafield><datafield ind1=" " ind2=" " tag="CAT"><subfield code="a">SYS</subfield><subfield code="c">20170128</subfield><subfield code="h">141355</subfield></datafield></record></collection>